<collection xmlns="http://www.loc.gov/MARC21/slim">
<record>
  <leader>01773nam0a2200313 i 450 </leader>
  <controlfield tag="001">IT\ICCU\CNCE\029295</controlfield>
  <controlfield tag="005">20130730000000.0</controlfield>
  <datafield tag="012" ind1=" " ind2=" ">
    <subfield code="a">e-e- beah tacu heti (C) 1505 (R)</subfield>
    <subfield code="2">fei</subfield>
  </datafield>
  <datafield tag="100" ind1=" " ind2=" ">
    <subfield code="a">19971118d1505        0itac0103    ba</subfield>
  </datafield>
  <datafield tag="101" ind1=" " ind2=" ">
    <subfield code="a">LAT</subfield>
  </datafield>
  <datafield tag="102" ind1=" " ind2=" ">
    <subfield code="a">IT</subfield>
  </datafield>
  <datafield tag="200" ind1="1" ind2=" ">
    <subfield code="a">℗Clarissimi J.V. luminis Baldi perusini ℗Comentaria elegantissima super decretalibus nouissime impressa cum pluribus additamentis diuersorum excellentium doctorum</subfield>
  </datafield>
  <datafield tag="210" ind1=" " ind2=" ">
    <subfield code="e">Impressum Venetijs</subfield>
    <subfield code="g">per Ioannem &amp; Gregorium de Gregorijs fratres</subfield>
    <subfield code="h">1505 die xvij Aprilis</subfield>
  </datafield>
  <datafield tag="215" ind1=" " ind2=" ">
    <subfield code="a">\280! c.</subfield>
    <subfield code="d">fol</subfield>
  </datafield>
  <datafield tag="300" ind1=" " ind2=" ">
    <subfield code="a">Altro colophon a c. q10r.: Impressum Venetijs per Joannem &amp; Gregorium de Gregorijs fratres, 1505 die xij Maij</subfield>
  </datafield>
  <datafield tag="620" ind1=" " ind2=" ">
    <subfield code="a">IT</subfield>
    <subfield code="d">Venezia</subfield>
  </datafield>
  <datafield tag="700" ind1=" " ind2="1">
    <subfield code="a">Ubaldi,</subfield>
    <subfield code="b">Baldo : degli</subfield>
    <subfield code="3">IT\ICCU\CNCA\000077</subfield>
  </datafield>
  <datafield tag="712" ind1="0" ind2="0">
    <subfield code="a">De_Gregori, Giovanni &amp; De_Gregori, Gregorio</subfield>
    <subfield code="3">IT\ICCU\CNCT\000402</subfield>
    <subfield code="4">650</subfield>
  </datafield>
  <datafield tag="790" ind1=" " ind2="0">
    <subfield code="a">Baldo</subfield>
    <subfield code="c"> : degli#Ubaldi</subfield>
    <subfield code="3">IT\ICCU\CNCA\007674</subfield>
    <subfield code="z">Ubaldi, Baldo : degli</subfield>
  </datafield>
  <datafield tag="790" ind1=" " ind2="0">
    <subfield code="a">Baldus</subfield>
    <subfield code="c"> : Perusinus</subfield>
    <subfield code="3">IT\ICCU\CNCA\007676</subfield>
    <subfield code="z">Ubaldi, Baldo : degli</subfield>
  </datafield>
  <datafield tag="790" ind1=" " ind2="0">
    <subfield code="a">Baldus</subfield>
    <subfield code="c"> : de#Perusio</subfield>
    <subfield code="3">IT\ICCU\CNCA\012449</subfield>
    <subfield code="z">Ubaldi, Baldo : degli</subfield>
  </datafield>
  <datafield tag="790" ind1=" " ind2="0">
    <subfield code="a">Baldus</subfield>
    <subfield code="c"> &lt;giurista&gt;</subfield>
    <subfield code="3">IT\ICCU\CNCA\023536</subfield>
    <subfield code="z">Ubaldi, Baldo : degli</subfield>
  </datafield>
  <datafield tag="791" ind1="0" ind2="0">
    <subfield code="a">Gregoriis, Ioannes de &amp; Gregoriis, Gregorius de</subfield>
    <subfield code="3">IT\ICCU\CNCT\003747</subfield>
    <subfield code="z">De_Gregori, Giovanni &amp; De_Gregori, Gregorio</subfield>
  </datafield>
  <datafield tag="791" ind1="0" ind2="2">
    <subfield code="a">Gregorii fratres</subfield>
    <subfield code="3">IT\ICCU\CNCT\003748</subfield>
    <subfield code="z">De_Gregori, Giovanni &amp; De_Gregori, Gregorio</subfield>
  </datafield>
  <datafield tag="801" ind1=" " ind2="3">
    <subfield code="a">IT</subfield>
    <subfield code="b">ICCU</subfield>
    <subfield code="c">20201114</subfield>
  </datafield>
  <datafield tag="899" ind1=" " ind2=" ">
    <subfield code="a">Biblioteca Apostolica Vaticana. Citt ̉del Vaticano</subfield>
    <subfield code="1">EX0001</subfield>
    <subfield code="2">ZCV 01</subfield>
  </datafield>
  <datafield tag="899" ind1=" " ind2=" ">
    <subfield code="a">Biblioteca civica Girolamo Tartarotti. Rovereto</subfield>
    <subfield code="1">TN0103</subfield>
    <subfield code="2">ZTN 08</subfield>
  </datafield>
  <datafield tag="911" ind1=" " ind2=" ">
    <subfield code="a">nel colophon</subfield>
    <subfield code="9">IT\ICCU\CNCM\000652</subfield>
  </datafield>
  <datafield tag="921" ind1=" " ind2=" ">
    <subfield code="a">IT\ICCU\CNCM\000652</subfield>
    <subfield code="b">Croce doppia e iniziali Z.G.</subfield>
    <subfield code="c">K228</subfield>
    <subfield code="c">Z414</subfield>
    <subfield code="d">Dimensioni: 7,5x14,7</subfield>
    <subfield code="f">CROCE</subfield>
    <subfield code="f">ZG</subfield>
    <subfield code="g">1504-1507</subfield>
  </datafield>
</record>
</collection>
